%% This BibTeX bibliography file was created using BibDesk.
%% https://bibdesk.sourceforge.io/

%% Created for Arnaud Antkowiak at 2021-09-26 23:05:50 +0200 


%% Saved with string encoding Unicode (UTF-8) 



@article{Abouraddy2007,
	author = {A. F. Abouraddy and M. Bayindir and G. Benoit and S. D. Hart and K. Kuriki and N. Orf and O. Shapira and F. Sorin and B. Temelkuran and Y. Fink},
	date-added = {2021-09-20 05:29:37 +0200},
	date-modified = {2021-09-20 05:31:47 +0200},
	doi = {10.1038/nmat1889},
	journal = {Nat. Mater.},
	month = {may},
	number = {5},
	pages = {336--347},
	publisher = {Springer Science and Business Media {LLC}},
	title = {Towards multimaterial multifunctional fibres that see, hear, sense and communicate},
	url = {https://doi.org/10.1038%2Fnmat1889},
	volume = {6},
	year = 2007,
	Bdsk-File-1 = {YnBsaXN0MDDSAQIDBFxyZWxhdGl2ZVBhdGhZYWxpYXNEYXRhXxAnLi4vLi4vLi4vLi4vLi4vUGFwZXJzL0Fib3VyYWRkeTIwMDcucGRmTxEBZAAAAAABZAACAAAMTWFjaW50b3NoIEhEAAAAAAAAAAAAAAAAAAAAAAAAAEJEAAH/////EUFib3VyYWRkeTIwMDcucGRmAAAAAAAAAAAAAAAAAAAAAAAAAAAAAAAAAAAAAAAAAAAAAAAAAAAAAAAAAAAAAP////8AAAAAAAAAAAAAAAAABQACAAAKIGN1AAAAAAAAAAAAAAAAAAZQYXBlcnMAAgA0LzpVc2VyczphbnRrbzpTeW5vbG9neURyaXZlOlBhcGVyczpBYm91cmFkZHkyMDA3LnBkZgAOACQAEQBBAGIAbwB1AHIAYQBkAGQAeQAyADAAMAA3AC4AcABkAGYADwAaAAwATQBhAGMAaQBuAHQAbwBzAGgAIABIAEQAEgAyVXNlcnMvYW50a28vU3lub2xvZ3lEcml2ZS9QYXBlcnMvQWJvdXJhZGR5MjAwNy5wZGYAEwABLwAAFQACAAz//wAAAAgADQAaACQATgAAAAAAAAIBAAAAAAAAAAUAAAAAAAAAAAAAAAAAAAG2},
	Bdsk-Url-1 = {https://doi.org/10.1038%2Fnmat1889},
	Bdsk-Url-2 = {https://doi.org/10.1038/nmat1889}}

@article{Aitken1873,
	author = {J. Aitken},
	date-added = {2021-09-19 15:57:14 +0200},
	date-modified = {2021-09-19 15:57:45 +0200},
	doi = {10.1038/007287a0},
	journal = {Nature},
	month = {feb},
	number = {172},
	pages = {287--288},
	publisher = {Springer Science and Business Media {LLC}},
	title = {Glacier Motion},
	url = {https://doi.org/10.1038%2F007287a0},
	volume = {7},
	year = 1873,
	Bdsk-File-1 = {YnBsaXN0MDDSAQIDBFxyZWxhdGl2ZVBhdGhZYWxpYXNEYXRhXxAkLi4vLi4vLi4vLi4vLi4vUGFwZXJzL0FpdGtlbjE4NzMucGRmTxEBWgAAAAABWgACAAAMTWFjaW50b3NoIEhEAAAAAAAAAAAAAAAAAAAAAAAAAEJEAAH/////DkFpdGtlbjE4NzMucGRmAAAAAAAAAAAAAAAAAAAAAAAAAAAAAAAAAAAAAAAAAAAAAAAAAAAAAAAAAAAAAAAAAP////8AAAAAAAAAAAAAAAAABQACAAAKIGN1AAAAAAAAAAAAAAAAAAZQYXBlcnMAAgAxLzpVc2VyczphbnRrbzpTeW5vbG9neURyaXZlOlBhcGVyczpBaXRrZW4xODczLnBkZgAADgAeAA4AQQBpAHQAawBlAG4AMQA4ADcAMwAuAHAAZABmAA8AGgAMAE0AYQBjAGkAbgB0AG8AcwBoACAASABEABIAL1VzZXJzL2FudGtvL1N5bm9sb2d5RHJpdmUvUGFwZXJzL0FpdGtlbjE4NzMucGRmAAATAAEvAAAVAAIADP//AAAACAANABoAJABLAAAAAAAAAgEAAAAAAAAABQAAAAAAAAAAAAAAAAAAAak=},
	Bdsk-Url-1 = {https://doi.org/10.1038%2F007287a0},
	Bdsk-Url-2 = {https://doi.org/10.1038/007287a0}}

@book{Batchelor1967,
	author = {G.~K. Batchelor},
	date-added = {2008-05-19 14:20:16 +0200},
	date-modified = {2014-09-01 07:42:44 +0000},
	keywords = {textbook},
	publisher = {Cambridge University Press},
	title = {An introduction to fluid dynamics},
	year = {1967},
	Bdsk-File-1 = {YnBsaXN0MDDSAQIDBFxyZWxhdGl2ZVBhdGhZYWxpYXNEYXRhXxAnLi4vLi4vLi4vLi4vLi4vUGFwZXJzL0JhdGNoZWxvcjE5NjcucGRmTxEBZAAAAAABZAACAAAMTWFjaW50b3NoIEhEAAAAAAAAAAAAAAAAAAAAAAAAAEJEAAH/////EUJhdGNoZWxvcjE5NjcucGRmAAAAAAAAAAAAAAAAAAAAAAAAAAAAAAAAAAAAAAAAAAAAAAAAAAAAAAAAAAAAAP////8AAAAAAAAAAAAAAAAABQACAAAKIGN1AAAAAAAAAAAAAAAAAAZQYXBlcnMAAgA0LzpVc2VyczphbnRrbzpTeW5vbG9neURyaXZlOlBhcGVyczpCYXRjaGVsb3IxOTY3LnBkZgAOACQAEQBCAGEAdABjAGgAZQBsAG8AcgAxADkANgA3AC4AcABkAGYADwAaAAwATQBhAGMAaQBuAHQAbwBzAGgAIABIAEQAEgAyVXNlcnMvYW50a28vU3lub2xvZ3lEcml2ZS9QYXBlcnMvQmF0Y2hlbG9yMTk2Ny5wZGYAEwABLwAAFQACAAz//wAAAAgADQAaACQATgAAAAAAAAIBAAAAAAAAAAUAAAAAAAAAAAAAAAAAAAG2}}

@book{Bennett2006,
	author = {Bennett, A.},
	date-added = {2021-09-05 10:21:17 +0200},
	date-modified = {2021-09-05 10:21:31 +0200},
	publisher = {Cambridge University Press},
	title = {Lagrangian fluid dynamics},
	year = {2006}}

@article{Berry1971,
	author = {M V Berry},
	date-added = {2020-09-20 21:43:09 +0200},
	date-modified = {2020-09-20 21:43:20 +0200},
	doi = {10.1088/0031-9120/6/2/001},
	journal = {Physics Education},
	month = {mar},
	number = {2},
	pages = {79--84},
	publisher = {{IOP} Publishing},
	title = {The molecular mechanism of surface tension},
	url = {https://doi.org/10.1088%2F0031-9120%2F6%2F2%2F001},
	volume = {6},
	year = 1971,
	Bdsk-File-1 = {YnBsaXN0MDDSAQIDBFxyZWxhdGl2ZVBhdGhZYWxpYXNEYXRhXxAjLi4vLi4vLi4vLi4vLi4vUGFwZXJzL0JlcnJ5MTk3MS5wZGZPEQFUAAAAAAFUAAIAAAxNYWNpbnRvc2ggSEQAAAAAAAAAAAAAAAAAAAAAAAAAQkQAAf////8NQmVycnkxOTcxLnBkZgAAAAAAAAAAAAAAAAAAAAAAAAAAAAAAAAAAAAAAAAAAAAAAAAAAAAAAAAAAAAAAAAAA/////wAAAAAAAAAAAAAAAAAFAAIAAAogY3UAAAAAAAAAAAAAAAAABlBhcGVycwACADAvOlVzZXJzOmFudGtvOlN5bm9sb2d5RHJpdmU6UGFwZXJzOkJlcnJ5MTk3MS5wZGYADgAcAA0AQgBlAHIAcgB5ADEAOQA3ADEALgBwAGQAZgAPABoADABNAGEAYwBpAG4AdABvAHMAaAAgAEgARAASAC5Vc2Vycy9hbnRrby9TeW5vbG9neURyaXZlL1BhcGVycy9CZXJyeTE5NzEucGRmABMAAS8AABUAAgAM//8AAAAIAA0AGgAkAEoAAAAAAAACAQAAAAAAAAAFAAAAAAAAAAAAAAAAAAABog==},
	Bdsk-Url-1 = {https://doi.org/10.1088%2F0031-9120%2F6%2F2%2F001},
	Bdsk-Url-2 = {https://doi.org/10.1088/0031-9120/6/2/001}}

@book{Bird2002,
	author = {Bird, R. B. and Stewart, W. E. and Lightfoot, E. N.},
	date-added = {2021-09-05 15:25:01 +0200},
	date-modified = {2021-09-05 15:27:52 +0200},
	publisher = {John Wiley \& Sons},
	title = {Transport phenomena (2nd edition)},
	year = {2002},
	Bdsk-File-1 = {YnBsaXN0MDDSAQIDBFxyZWxhdGl2ZVBhdGhZYWxpYXNEYXRhXxAiLi4vLi4vLi4vLi4vLi4vUGFwZXJzL0JpcmQyMDAyLnBkZk8RAVIAAAAAAVIAAgAADE1hY2ludG9zaCBIRAAAAAAAAAAAAAAAAAAAAAAAAABCRAAB/////wxCaXJkMjAwMi5wZGYAAAAAAAAAAAAAAAAAAAAAAAAAAAAAAAAAAAAAAAAAAAAAAAAAAAAAAAAAAAAAAAAAAAD/////AAAAAAAAAAAAAAAAAAUAAgAACiBjdQAAAAAAAAAAAAAAAAAGUGFwZXJzAAIALy86VXNlcnM6YW50a286U3lub2xvZ3lEcml2ZTpQYXBlcnM6QmlyZDIwMDIucGRmAAAOABoADABCAGkAcgBkADIAMAAwADIALgBwAGQAZgAPABoADABNAGEAYwBpAG4AdABvAHMAaAAgAEgARAASAC1Vc2Vycy9hbnRrby9TeW5vbG9neURyaXZlL1BhcGVycy9CaXJkMjAwMi5wZGYAABMAAS8AABUAAgAM//8AAAAIAA0AGgAkAEkAAAAAAAACAQAAAAAAAAAFAAAAAAAAAAAAAAAAAAABnw==}}

@book{Boys1890,
	author = {Boys, C. V.},
	date-added = {2016-08-29 15:28:14 +0000},
	date-modified = {2021-09-12 15:09:19 +0200},
	publisher = {Thomas Y. Crowell Company},
	title = {Soap bubbles and the forces which mould them},
	year = {1890},
	Bdsk-File-1 = {YnBsaXN0MDDSAQIDBFxyZWxhdGl2ZVBhdGhZYWxpYXNEYXRhXxAjLi4vLi4vLi4vLi4vLi4vUGFwZXJzL0JveXMxODkwLmRqdnVPEQFUAAAAAAFUAAIAAAxNYWNpbnRvc2ggSEQAAAAAAAAAAAAAAAAAAAAAAAAAQkQAAf////8NQm95czE4OTAuZGp2dQAAAAAAAAAAAAAAAAAAAAAAAAAAAAAAAAAAAAAAAAAAAAAAAAAAAAAAAAAAAAAAAAAA/////wAAAAAAAAAAAAAAAAAFAAIAAAogY3UAAAAAAAAAAAAAAAAABlBhcGVycwACADAvOlVzZXJzOmFudGtvOlN5bm9sb2d5RHJpdmU6UGFwZXJzOkJveXMxODkwLmRqdnUADgAcAA0AQgBvAHkAcwAxADgAOQAwAC4AZABqAHYAdQAPABoADABNAGEAYwBpAG4AdABvAHMAaAAgAEgARAASAC5Vc2Vycy9hbnRrby9TeW5vbG9neURyaXZlL1BhcGVycy9Cb3lzMTg5MC5kanZ1ABMAAS8AABUAAgAM//8AAAAIAA0AGgAkAEoAAAAAAAACAQAAAAAAAAAFAAAAAAAAAAAAAAAAAAABog==}}

@book{Chandrasekhar1957,
	author = {Chandrasekhar, S.},
	date-added = {2021-09-05 10:52:13 +0200},
	date-modified = {2021-09-12 18:51:09 +0200},
	publisher = {Courier Corporation},
	title = {An introduction to the study of stellar structure},
	year = {1957},
	Bdsk-File-1 = {YnBsaXN0MDDSAQIDBFxyZWxhdGl2ZVBhdGhZYWxpYXNEYXRhXxAsLi4vLi4vLi4vLi4vLi4vUGFwZXJzL0NoYW5kcmFzZWtoYXIxOTU3LmRqdnVPEQF6AAAAAAF6AAIAAAxNYWNpbnRvc2ggSEQAAAAAAAAAAAAAAAAAAAAAAAAAQkQAAf////8WQ2hhbmRyYXNla2hhcjE5NTcuZGp2dQAAAAAAAAAAAAAAAAAAAAAAAAAAAAAAAAAAAAAAAAAAAAAAAAAAAAAA/////wAAAAAAAAAAAAAAAAAFAAIAAAogY3UAAAAAAAAAAAAAAAAABlBhcGVycwACADkvOlVzZXJzOmFudGtvOlN5bm9sb2d5RHJpdmU6UGFwZXJzOkNoYW5kcmFzZWtoYXIxOTU3LmRqdnUAAA4ALgAWAEMAaABhAG4AZAByAGEAcwBlAGsAaABhAHIAMQA5ADUANwAuAGQAagB2AHUADwAaAAwATQBhAGMAaQBuAHQAbwBzAGgAIABIAEQAEgA3VXNlcnMvYW50a28vU3lub2xvZ3lEcml2ZS9QYXBlcnMvQ2hhbmRyYXNla2hhcjE5NTcuZGp2dQAAEwABLwAAFQACAAz//wAAAAgADQAaACQAUwAAAAAAAAIBAAAAAAAAAAUAAAAAAAAAAAAAAAAAAAHR}}

@book{de-Gennes2015,
	author = {{de Gennes}, P.-G. and Brochard-Wyart, F. and Qu{\'e}r{\'e}, D.},
	date-added = {2020-10-07 21:41:11 +0200},
	date-modified = {2021-09-12 15:10:41 +0200},
	publisher = {Belin},
	title = {Gouttes, bulles, perles et ondes},
	year = {2015}}

@book{Duprat2016,
	author = {C. Duprat and H. A. Stone},
	date-added = {2021-09-26 23:02:50 +0200},
	date-modified = {2021-09-26 23:05:12 +0200},
	editor = {C. Duprat and H. A. Stone},
	publisher = {Royal Society of Chemistry},
	title = {Fluid-Structure Interactions in Low-{R}eynolds-Number Flows},
	year = {2016},
	Bdsk-File-1 = {YnBsaXN0MDDSAQIDBFxyZWxhdGl2ZVBhdGhZYWxpYXNEYXRhXxAkLi4vLi4vLi4vLi4vLi4vUGFwZXJzL0R1cHJhdDIwMTYucGRmTxEBWgAAAAABWgACAAAMTWFjaW50b3NoIEhEAAAAAAAAAAAAAAAAAAAAAAAAAEJEAAH/////DkR1cHJhdDIwMTYucGRmAAAAAAAAAAAAAAAAAAAAAAAAAAAAAAAAAAAAAAAAAAAAAAAAAAAAAAAAAAAAAAAAAP////8AAAAAAAAAAAAAAAAABQACAAAKIGN1AAAAAAAAAAAAAAAAAAZQYXBlcnMAAgAxLzpVc2VyczphbnRrbzpTeW5vbG9neURyaXZlOlBhcGVyczpEdXByYXQyMDE2LnBkZgAADgAeAA4ARAB1AHAAcgBhAHQAMgAwADEANgAuAHAAZABmAA8AGgAMAE0AYQBjAGkAbgB0AG8AcwBoACAASABEABIAL1VzZXJzL2FudGtvL1N5bm9sb2d5RHJpdmUvUGFwZXJzL0R1cHJhdDIwMTYucGRmAAATAAEvAAAVAAIADP//AAAACAANABoAJABLAAAAAAAAAgEAAAAAAAAABQAAAAAAAAAAAAAAAAAAAak=}}

@article{Elettro2016,
	abstract = {An essential element in the web-trap architecture, the capture silk spun by ecribellate orb spiders consists of glue droplets sitting astride a silk filament. Mechanically this thread presents a mixed solid--liquid behavior unknown to date. Under extension, capture silk behaves as a particularly stretchy solid, owing to its molecular nanosprings, but it totally switches behavior in compression to now become liquid-like: It shrinks with no apparent limit while exerting a constant tension. Here, we unravel the physics underpinning the unique behavior of this ''liquid wire'' and demonstrate that its mechanical response originates in the shape-switching of the silk filament induced by buckling within the droplets. Learning from this natural example of geometry and mechanics, we manufactured programmable liquid wires that present previously unidentified pathways for the design of new hybrid solid--liquid materials.},
	author = {Elettro, H. and Neukirch, S. and Vollrath, F. and Antkowiak, A.},
	date-added = {2016-06-02 15:34:19 +0000},
	date-modified = {2021-09-12 15:10:00 +0200},
	doi = {10.1073/pnas.1602451113},
	eprint = {http://www.pnas.org/content/113/22/6143.full.pdf},
	journal = {Proc. Natl Acad. Sci. U.S.A.},
	number = {22},
	pages = {6143-6147},
	title = {In-drop capillary spooling of spider capture thread inspires hybrid fibers with mixed solid--liquid mechanical properties},
	url = {http://www.pnas.org/content/113/22/6143.abstract},
	volume = {113},
	year = {2016},
	Bdsk-File-1 = {YnBsaXN0MDDSAQIDBFxyZWxhdGl2ZVBhdGhZYWxpYXNEYXRhXxAlLi4vLi4vLi4vLi4vLi4vUGFwZXJzL0VsZXR0cm8yMDE2LnBkZk8RAVwAAAAAAVwAAgAADE1hY2ludG9zaCBIRAAAAAAAAAAAAAAAAAAAAAAAAABCRAAB/////w9FbGV0dHJvMjAxNi5wZGYAAAAAAAAAAAAAAAAAAAAAAAAAAAAAAAAAAAAAAAAAAAAAAAAAAAAAAAAAAAAAAAD/////AAAAAAAAAAAAAAAAAAUAAgAACiBjdQAAAAAAAAAAAAAAAAAGUGFwZXJzAAIAMi86VXNlcnM6YW50a286U3lub2xvZ3lEcml2ZTpQYXBlcnM6RWxldHRybzIwMTYucGRmAA4AIAAPAEUAbABlAHQAdAByAG8AMgAwADEANgAuAHAAZABmAA8AGgAMAE0AYQBjAGkAbgB0AG8AcwBoACAASABEABIAMFVzZXJzL2FudGtvL1N5bm9sb2d5RHJpdmUvUGFwZXJzL0VsZXR0cm8yMDE2LnBkZgATAAEvAAAVAAIADP//AAAACAANABoAJABMAAAAAAAAAgEAAAAAAAAABQAAAAAAAAAAAAAAAAAAAaw=},
	Bdsk-Url-1 = {http://www.pnas.org/content/113/22/6143.abstract},
	Bdsk-Url-2 = {http://dx.doi.org/10.1073/pnas.1602451113}}

@article{Elgeti2015,
	author = {J. Elgeti and R. G. Winkler and G. Gompper},
	date-added = {2021-09-20 05:36:18 +0200},
	date-modified = {2021-09-20 05:36:54 +0200},
	doi = {10.1088/0034-4885/78/5/056601},
	journal = {Rep. Prog. Phys.},
	month = {apr},
	number = {5},
	pages = {056601},
	publisher = {{IOP} Publishing},
	title = {Physics of microswimmers -- single particle motion and collective behavior: a review},
	url = {https://doi.org/10.1088%2F0034-4885%2F78%2F5%2F056601},
	volume = {78},
	year = 2015,
	Bdsk-File-1 = {YnBsaXN0MDDSAQIDBFxyZWxhdGl2ZVBhdGhZYWxpYXNEYXRhXxAkLi4vLi4vLi4vLi4vLi4vUGFwZXJzL0VsZ2V0aTIwMTUucGRmTxEBWgAAAAABWgACAAAMTWFjaW50b3NoIEhEAAAAAAAAAAAAAAAAAAAAAAAAAEJEAAH/////DkVsZ2V0aTIwMTUucGRmAAAAAAAAAAAAAAAAAAAAAAAAAAAAAAAAAAAAAAAAAAAAAAAAAAAAAAAAAAAAAAAAAP////8AAAAAAAAAAAAAAAAABQACAAAKIGN1AAAAAAAAAAAAAAAAAAZQYXBlcnMAAgAxLzpVc2VyczphbnRrbzpTeW5vbG9neURyaXZlOlBhcGVyczpFbGdldGkyMDE1LnBkZgAADgAeAA4ARQBsAGcAZQB0AGkAMgAwADEANQAuAHAAZABmAA8AGgAMAE0AYQBjAGkAbgB0AG8AcwBoACAASABEABIAL1VzZXJzL2FudGtvL1N5bm9sb2d5RHJpdmUvUGFwZXJzL0VsZ2V0aTIwMTUucGRmAAATAAEvAAAVAAIADP//AAAACAANABoAJABLAAAAAAAAAgEAAAAAAAAABQAAAAAAAAAAAAAAAAAAAak=},
	Bdsk-Url-1 = {https://doi.org/10.1088%2F0034-4885%2F78%2F5%2F056601},
	Bdsk-Url-2 = {https://doi.org/10.1088/0034-4885/78/5/056601}}

@book{Goldstein1950,
	author = {Goldstein, S.},
	date-added = {2020-09-23 22:07:58 +0200},
	date-modified = {2021-09-12 18:51:33 +0200},
	publisher = {Clarendon Press},
	title = {Modern developments in fluid dynamics: an account of theory and experiment relating to boundary layers, turbulent motion and wakes},
	year = {1950},
	Bdsk-File-1 = {YnBsaXN0MDDSAQIDBFxyZWxhdGl2ZVBhdGhZYWxpYXNEYXRhXxAoLi4vLi4vLi4vLi4vLi4vUGFwZXJzL0dvbGRzdGVpbjE5NTAuZGp2dU8RAWoAAAAAAWoAAgAADE1hY2ludG9zaCBIRAAAAAAAAAAAAAAAAAAAAAAAAABCRAAB/////xJHb2xkc3RlaW4xOTUwLmRqdnUAAAAAAAAAAAAAAAAAAAAAAAAAAAAAAAAAAAAAAAAAAAAAAAAAAAAAAAAAAAD/////AAAAAAAAAAAAAAAAAAUAAgAACiBjdQAAAAAAAAAAAAAAAAAGUGFwZXJzAAIANS86VXNlcnM6YW50a286U3lub2xvZ3lEcml2ZTpQYXBlcnM6R29sZHN0ZWluMTk1MC5kanZ1AAAOACYAEgBHAG8AbABkAHMAdABlAGkAbgAxADkANQAwAC4AZABqAHYAdQAPABoADABNAGEAYwBpAG4AdABvAHMAaAAgAEgARAASADNVc2Vycy9hbnRrby9TeW5vbG9neURyaXZlL1BhcGVycy9Hb2xkc3RlaW4xOTUwLmRqdnUAABMAAS8AABUAAgAM//8AAAAIAA0AGgAkAE8AAAAAAAACAQAAAAAAAAAFAAAAAAAAAAAAAAAAAAABvQ==},
	Bdsk-File-2 = {YnBsaXN0MDDSAQIDBFxyZWxhdGl2ZVBhdGhZYWxpYXNEYXRhXxApLi4vLi4vLi4vLi4vLi4vUGFwZXJzL0dvbGRzdGVpbjE5NTBhLmRqdnVPEQFsAAAAAAFsAAIAAAxNYWNpbnRvc2ggSEQAAAAAAAAAAAAAAAAAAAAAAAAAQkQAAf////8TR29sZHN0ZWluMTk1MGEuZGp2dQAAAAAAAAAAAAAAAAAAAAAAAAAAAAAAAAAAAAAAAAAAAAAAAAAAAAAAAAAA/////wAAAAAAAAAAAAAAAAAFAAIAAAogY3UAAAAAAAAAAAAAAAAABlBhcGVycwACADYvOlVzZXJzOmFudGtvOlN5bm9sb2d5RHJpdmU6UGFwZXJzOkdvbGRzdGVpbjE5NTBhLmRqdnUADgAoABMARwBvAGwAZABzAHQAZQBpAG4AMQA5ADUAMABhAC4AZABqAHYAdQAPABoADABNAGEAYwBpAG4AdABvAHMAaAAgAEgARAASADRVc2Vycy9hbnRrby9TeW5vbG9neURyaXZlL1BhcGVycy9Hb2xkc3RlaW4xOTUwYS5kanZ1ABMAAS8AABUAAgAM//8AAAAIAA0AGgAkAFAAAAAAAAACAQAAAAAAAAAFAAAAAAAAAAAAAAAAAAABwA==}}

@book{Guazzelli2011,
	author = {Guazzelli, E. and Morris, J. F.},
	date-added = {2021-09-20 05:54:57 +0200},
	date-modified = {2021-09-20 05:56:15 +0200},
	publisher = {Cambridge University Press},
	title = {A physical introduction to suspension dynamics},
	year = {2011},
	Bdsk-File-1 = {YnBsaXN0MDDSAQIDBFxyZWxhdGl2ZVBhdGhZYWxpYXNEYXRhXxAnLi4vLi4vLi4vLi4vLi4vUGFwZXJzL0d1YXp6ZWxsaTIwMTEucGRmTxEBZAAAAAABZAACAAAMTWFjaW50b3NoIEhEAAAAAAAAAAAAAAAAAAAAAAAAAEJEAAH/////EUd1YXp6ZWxsaTIwMTEucGRmAAAAAAAAAAAAAAAAAAAAAAAAAAAAAAAAAAAAAAAAAAAAAAAAAAAAAAAAAAAAAP////8AAAAAAAAAAAAAAAAABQACAAAKIGN1AAAAAAAAAAAAAAAAAAZQYXBlcnMAAgA0LzpVc2VyczphbnRrbzpTeW5vbG9neURyaXZlOlBhcGVyczpHdWF6emVsbGkyMDExLnBkZgAOACQAEQBHAHUAYQB6AHoAZQBsAGwAaQAyADAAMQAxAC4AcABkAGYADwAaAAwATQBhAGMAaQBuAHQAbwBzAGgAIABIAEQAEgAyVXNlcnMvYW50a28vU3lub2xvZ3lEcml2ZS9QYXBlcnMvR3VhenplbGxpMjAxMS5wZGYAEwABLwAAFQACAAz//wAAAAgADQAaACQATgAAAAAAAAIBAAAAAAAAAAUAAAAAAAAAAAAAAAAAAAG2}}

@article{Henot2018,
	author = {M. H{\'{e}}not and M. Grzelka and J. Zhang and S. Mariot and I. Antoniuk and E. Drockenmuller and L. L{\'{e}}ger and F. Restagno},
	date-added = {2021-09-17 15:29:44 +0200},
	date-modified = {2021-09-17 15:31:27 +0200},
	doi = {10.1103/physrevlett.121.177802},
	journal = {Phys. Rev. Lett.},
	month = {oct},
	number = {17},
	publisher = {American Physical Society ({APS})},
	title = {Temperature-Controlled Slip of Polymer Melts on Ideal Substrates},
	url = {https://doi.org/10.1103%2Fphysrevlett.121.177802},
	volume = {121},
	year = 2018,
	Bdsk-File-1 = {YnBsaXN0MDDSAQIDBFxyZWxhdGl2ZVBhdGhZYWxpYXNEYXRhXxAjLi4vLi4vLi4vLi4vLi4vUGFwZXJzL0hlbm90MjAxOC5wZGZPEQFUAAAAAAFUAAIAAAxNYWNpbnRvc2ggSEQAAAAAAAAAAAAAAAAAAAAAAAAAQkQAAf////8NSGVub3QyMDE4LnBkZgAAAAAAAAAAAAAAAAAAAAAAAAAAAAAAAAAAAAAAAAAAAAAAAAAAAAAAAAAAAAAAAAAA/////wAAAAAAAAAAAAAAAAAFAAIAAAogY3UAAAAAAAAAAAAAAAAABlBhcGVycwACADAvOlVzZXJzOmFudGtvOlN5bm9sb2d5RHJpdmU6UGFwZXJzOkhlbm90MjAxOC5wZGYADgAcAA0ASABlAG4AbwB0ADIAMAAxADgALgBwAGQAZgAPABoADABNAGEAYwBpAG4AdABvAHMAaAAgAEgARAASAC5Vc2Vycy9hbnRrby9TeW5vbG9neURyaXZlL1BhcGVycy9IZW5vdDIwMTgucGRmABMAAS8AABUAAgAM//8AAAAIAA0AGgAkAEoAAAAAAAACAQAAAAAAAAAFAAAAAAAAAAAAAAAAAAABog==},
	Bdsk-Url-1 = {https://doi.org/10.1103%2Fphysrevlett.121.177802},
	Bdsk-Url-2 = {https://doi.org/10.1103/physrevlett.121.177802}}

@article{Hancock1953,
	author = {G. J. Hancock},
	date-added = {2020-10-04 17:16:11 +0200},
	date-modified = {2021-09-26 22:04:11 +0200},
	doi = {10.1098/rspa.1953.0048},
	journal = {Proc. Roy. Soc. Lond. A},
	keywords = {viscous flows, propulsion},
	month = {mar},
	number = {1128},
	pages = {96--121},
	publisher = {The Royal Society},
	title = {The self-propulsion of microscopic organisms through liquids},
	url = {https://doi.org/10.1098%2Frspa.1953.0048},
	volume = {217},
	year = 1953,
	Bdsk-File-1 = {YnBsaXN0MDDSAQIDBFxyZWxhdGl2ZVBhdGhZYWxpYXNEYXRhXxAlLi4vLi4vLi4vLi4vLi4vUGFwZXJzL0hhbmNvY2sxOTUzLnBkZk8RAVwAAAAAAVwAAgAADE1hY2ludG9zaCBIRAAAAAAAAAAAAAAAAAAAAAAAAABCRAAB/////w9IYW5jb2NrMTk1My5wZGYAAAAAAAAAAAAAAAAAAAAAAAAAAAAAAAAAAAAAAAAAAAAAAAAAAAAAAAAAAAAAAAD/////AAAAAAAAAAAAAAAAAAUAAgAACiBjdQAAAAAAAAAAAAAAAAAGUGFwZXJzAAIAMi86VXNlcnM6YW50a286U3lub2xvZ3lEcml2ZTpQYXBlcnM6SGFuY29jazE5NTMucGRmAA4AIAAPAEgAYQBuAGMAbwBjAGsAMQA5ADUAMwAuAHAAZABmAA8AGgAMAE0AYQBjAGkAbgB0AG8AcwBoACAASABEABIAMFVzZXJzL2FudGtvL1N5bm9sb2d5RHJpdmUvUGFwZXJzL0hhbmNvY2sxOTUzLnBkZgATAAEvAAAVAAIADP//AAAACAANABoAJABMAAAAAAAAAgEAAAAAAAAABQAAAAAAAAAAAAAAAAAAAaw=},
	Bdsk-File-2 = {YnBsaXN0MDDSAQIDBFxyZWxhdGl2ZVBhdGhZYWxpYXNEYXRhXxAmLi4vLi4vLi4vLi4vLi4vUGFwZXJzL0hhbmNvY2sxOTUzYS5wZGZPEQFiAAAAAAFiAAIAAAxNYWNpbnRvc2ggSEQAAAAAAAAAAAAAAAAAAAAAAAAAQkQAAf////8QSGFuY29jazE5NTNhLnBkZgAAAAAAAAAAAAAAAAAAAAAAAAAAAAAAAAAAAAAAAAAAAAAAAAAAAAAAAAAAAAAA/////wAAAAAAAAAAAAAAAAAFAAIAAAogY3UAAAAAAAAAAAAAAAAABlBhcGVycwACADMvOlVzZXJzOmFudGtvOlN5bm9sb2d5RHJpdmU6UGFwZXJzOkhhbmNvY2sxOTUzYS5wZGYAAA4AIgAQAEgAYQBuAGMAbwBjAGsAMQA5ADUAMwBhAC4AcABkAGYADwAaAAwATQBhAGMAaQBuAHQAbwBzAGgAIABIAEQAEgAxVXNlcnMvYW50a28vU3lub2xvZ3lEcml2ZS9QYXBlcnMvSGFuY29jazE5NTNhLnBkZgAAEwABLwAAFQACAAz//wAAAAgADQAaACQATQAAAAAAAAIBAAAAAAAAAAUAAAAAAAAAAAAAAAAAAAGz},
	Bdsk-Url-1 = {https://doi.org/10.1098%2Frspa.1953.0048},
	Bdsk-Url-2 = {https://doi.org/10.1098/rspa.1953.0048}}

@book{Laplace1805,
	author = {de Laplace, P. S.},
	date-added = {2012-06-25 15:54:33 +0200},
	date-modified = {2021-09-12 18:51:51 +0200},
	key = {Paris},
	publisher = {Courcier, Paris},
	title = {Trait{\'e} de m{\'e}canique c{\'e}leste. Suppl{\'e}ment au livre X},
	year = {1805}}

@article{Lauga2016,
	author = {{\'E}. Lauga},
	date-added = {2021-09-14 15:09:32 +0200},
	date-modified = {2021-09-19 09:28:00 +0200},
	doi = {10.1146/annurev-fluid-122414-034606},
	journal = {Annu. Rev. Fluid Mech.},
	month = {jan},
	number = {1},
	pages = {105--130},
	publisher = {Annual Reviews},
	title = {Bacterial Hydrodynamics},
	url = {https://doi.org/10.1146%2Fannurev-fluid-122414-034606},
	volume = {48},
	year = 2016,
	Bdsk-File-1 = {YnBsaXN0MDDSAQIDBFxyZWxhdGl2ZVBhdGhZYWxpYXNEYXRhXxAjLi4vLi4vLi4vLi4vLi4vUGFwZXJzL0xhdWdhMjAxNi5wZGZPEQFUAAAAAAFUAAIAAAxNYWNpbnRvc2ggSEQAAAAAAAAAAAAAAAAAAAAAAAAAQkQAAf////8NTGF1Z2EyMDE2LnBkZgAAAAAAAAAAAAAAAAAAAAAAAAAAAAAAAAAAAAAAAAAAAAAAAAAAAAAAAAAAAAAAAAAA/////wAAAAAAAAAAAAAAAAAFAAIAAAogY3UAAAAAAAAAAAAAAAAABlBhcGVycwACADAvOlVzZXJzOmFudGtvOlN5bm9sb2d5RHJpdmU6UGFwZXJzOkxhdWdhMjAxNi5wZGYADgAcAA0ATABhAHUAZwBhADIAMAAxADYALgBwAGQAZgAPABoADABNAGEAYwBpAG4AdABvAHMAaAAgAEgARAASAC5Vc2Vycy9hbnRrby9TeW5vbG9neURyaXZlL1BhcGVycy9MYXVnYTIwMTYucGRmABMAAS8AABUAAgAM//8AAAAIAA0AGgAkAEoAAAAAAAACAQAAAAAAAAAFAAAAAAAAAAAAAAAAAAABog==},
	Bdsk-Url-1 = {https://doi.org/10.1146%2Fannurev-fluid-122414-034606},
	Bdsk-Url-2 = {https://doi.org/10.1146/annurev-fluid-122414-034606}}

@book{Lauga2020,
	author = {Lauga, {\'E}.},
	date-added = {2021-09-19 09:26:21 +0200},
	date-modified = {2021-09-19 09:27:31 +0200},
	publisher = {Cambridge University Press},
	title = {The fluid dynamics of cell motility},
	year = {2020},
	Bdsk-File-1 = {YnBsaXN0MDDSAQIDBFxyZWxhdGl2ZVBhdGhZYWxpYXNEYXRhXxAjLi4vLi4vLi4vLi4vLi4vUGFwZXJzL0xhdWdhMjAyMC5wZGZPEQFUAAAAAAFUAAIAAAxNYWNpbnRvc2ggSEQAAAAAAAAAAAAAAAAAAAAAAAAAQkQAAf////8NTGF1Z2EyMDIwLnBkZgAAAAAAAAAAAAAAAAAAAAAAAAAAAAAAAAAAAAAAAAAAAAAAAAAAAAAAAAAAAAAAAAAA/////wAAAAAAAAAAAAAAAAAFAAIAAAogY3UAAAAAAAAAAAAAAAAABlBhcGVycwACADAvOlVzZXJzOmFudGtvOlN5bm9sb2d5RHJpdmU6UGFwZXJzOkxhdWdhMjAyMC5wZGYADgAcAA0ATABhAHUAZwBhADIAMAAyADAALgBwAGQAZgAPABoADABNAGEAYwBpAG4AdABvAHMAaAAgAEgARAASAC5Vc2Vycy9hbnRrby9TeW5vbG9neURyaXZlL1BhcGVycy9MYXVnYTIwMjAucGRmABMAAS8AABUAAgAM//8AAAAIAA0AGgAkAEoAAAAAAAACAQAAAAAAAAAFAAAAAAAAAAAAAAAAAAABog==}}

@article{Lighthill1986,
	author = {Lighthill, J.},
	date-added = {2019-09-19 10:20:56 +0200},
	date-modified = {2021-09-05 10:09:03 +0200},
	journal = {The Institute of Mathematics \& its Applications Monograph Series, Oxford: Clarendon Press, 1986},
	title = {An informal introduction to theoretical fluid mechanics},
	year = {1986}}

@book{Lighthill1975,
	author = {M. J. Lighthill},
	date-added = {2021-09-26 22:10:06 +0200},
	date-modified = {2021-09-26 22:12:10 +0200},
	publisher = {SIAM},
	title = {Mathematical Biofluiddynamics},
	year = {1975},
	Bdsk-File-1 = {YnBsaXN0MDDSAQIDBFxyZWxhdGl2ZVBhdGhZYWxpYXNEYXRhXxAnLi4vLi4vLi4vLi4vLi4vUGFwZXJzL0xpZ2h0aGlsbDE5NzUucGRmTxEBZAAAAAABZAACAAAMTWFjaW50b3NoIEhEAAAAAAAAAAAAAAAAAAAAAAAAAEJEAAH/////EUxpZ2h0aGlsbDE5NzUucGRmAAAAAAAAAAAAAAAAAAAAAAAAAAAAAAAAAAAAAAAAAAAAAAAAAAAAAAAAAAAAAP////8AAAAAAAAAAAAAAAAABQACAAAKIGN1AAAAAAAAAAAAAAAAAAZQYXBlcnMAAgA0LzpVc2VyczphbnRrbzpTeW5vbG9neURyaXZlOlBhcGVyczpMaWdodGhpbGwxOTc1LnBkZgAOACQAEQBMAGkAZwBoAHQAaABpAGwAbAAxADkANwA1AC4AcABkAGYADwAaAAwATQBhAGMAaQBuAHQAbwBzAGgAIABIAEQAEgAyVXNlcnMvYW50a28vU3lub2xvZ3lEcml2ZS9QYXBlcnMvTGlnaHRoaWxsMTk3NS5wZGYAEwABLwAAFQACAAz//wAAAAgADQAaACQATgAAAAAAAAIBAAAAAAAAAAUAAAAAAAAAAAAAAAAAAAG2}}

@article{Marchand2011,
	author = {A. Marchand and J. H. Weijs and J. H. Snoeijer and B. Andreotti},
	date-added = {2012-03-05 12:17:38 +0100},
	date-modified = {2021-09-12 15:13:30 +0200},
	doi = {10.1119/1.3619866},
	journal = {Am. J. Phys.},
	keywords = {surface tension},
	number = {10},
	pages = {999-1008},
	publisher = {AAPT},
	title = {Why is surface tension a force parallel to the interface?},
	url = {http://link.aip.org/link/?AJP/79/999/1},
	volume = {79},
	year = {2011},
	Bdsk-File-1 = {YnBsaXN0MDDSAQIDBFxyZWxhdGl2ZVBhdGhZYWxpYXNEYXRhXxAmLi4vLi4vLi4vLi4vLi4vUGFwZXJzL01hcmNoYW5kMjAxMS5wZGZPEQFiAAAAAAFiAAIAAAxNYWNpbnRvc2ggSEQAAAAAAAAAAAAAAAAAAAAAAAAAQkQAAf////8QTWFyY2hhbmQyMDExLnBkZgAAAAAAAAAAAAAAAAAAAAAAAAAAAAAAAAAAAAAAAAAAAAAAAAAAAAAAAAAAAAAA/////wAAAAAAAAAAAAAAAAAFAAIAAAogY3UAAAAAAAAAAAAAAAAABlBhcGVycwACADMvOlVzZXJzOmFudGtvOlN5bm9sb2d5RHJpdmU6UGFwZXJzOk1hcmNoYW5kMjAxMS5wZGYAAA4AIgAQAE0AYQByAGMAaABhAG4AZAAyADAAMQAxAC4AcABkAGYADwAaAAwATQBhAGMAaQBuAHQAbwBzAGgAIABIAEQAEgAxVXNlcnMvYW50a28vU3lub2xvZ3lEcml2ZS9QYXBlcnMvTWFyY2hhbmQyMDExLnBkZgAAEwABLwAAFQACAAz//wAAAAgADQAaACQATQAAAAAAAAIBAAAAAAAAAAUAAAAAAAAAAAAAAAAAAAGz},
	Bdsk-Url-1 = {http://link.aip.org/link/?AJP/79/999/1},
	Bdsk-Url-2 = {http://dx.doi.org/10.1119/1.3619866}}

@article{Maxwell1879,
	author = {J. C. Maxwell},
	date-added = {2021-09-09 10:42:29 +0200},
	date-modified = {2021-09-12 11:09:14 +0200},
	doi = {10.1098/rstl.1879.0067},
	journal = {Philos. Trans. R. Soc.},
	month = {dec},
	pages = {231--256},
	publisher = {The Royal Society},
	title = {{VII}. On stresses in rarified gases arising from inequalities of temperature},
	url = {https://doi.org/10.1098%2Frstl.1879.0067},
	volume = {170},
	year = 1879,
	Bdsk-File-1 = {YnBsaXN0MDDSAQIDBFxyZWxhdGl2ZVBhdGhZYWxpYXNEYXRhXxAlLi4vLi4vLi4vLi4vLi4vUGFwZXJzL01heHdlbGwxODc5LnBkZk8RAVwAAAAAAVwAAgAADE1hY2ludG9zaCBIRAAAAAAAAAAAAAAAAAAAAAAAAABCRAAB/////w9NYXh3ZWxsMTg3OS5wZGYAAAAAAAAAAAAAAAAAAAAAAAAAAAAAAAAAAAAAAAAAAAAAAAAAAAAAAAAAAAAAAAD/////AAAAAAAAAAAAAAAAAAUAAgAACiBjdQAAAAAAAAAAAAAAAAAGUGFwZXJzAAIAMi86VXNlcnM6YW50a286U3lub2xvZ3lEcml2ZTpQYXBlcnM6TWF4d2VsbDE4NzkucGRmAA4AIAAPAE0AYQB4AHcAZQBsAGwAMQA4ADcAOQAuAHAAZABmAA8AGgAMAE0AYQBjAGkAbgB0AG8AcwBoACAASABEABIAMFVzZXJzL2FudGtvL1N5bm9sb2d5RHJpdmUvUGFwZXJzL01heHdlbGwxODc5LnBkZgATAAEvAAAVAAIADP//AAAACAANABoAJABMAAAAAAAAAgEAAAAAAAAABQAAAAAAAAAAAAAAAAAAAaw=},
	Bdsk-Url-1 = {https://doi.org/10.1098%2Frstl.1879.0067},
	Bdsk-Url-2 = {https://doi.org/10.1098/rstl.1879.0067}}

@article{Mittal2020,
	author = {R. Mittal and R. Ni and J.-H. Seo},
	date-added = {2020-09-16 21:20:02 +0200},
	date-modified = {2021-09-05 10:08:34 +0200},
	doi = {10.1017/jfm.2020.330},
	journal = {J. Fluid Mech.},
	month = {may},
	publisher = {Cambridge University Press ({CUP})},
	title = {The flow physics of {COVID}-19},
	url = {https://doi.org/10.1017%2Fjfm.2020.330},
	volume = {894},
	year = 2020,
	Bdsk-File-1 = {YnBsaXN0MDDSAQIDBFxyZWxhdGl2ZVBhdGhZYWxpYXNEYXRhXxAkLi4vLi4vLi4vLi4vLi4vUGFwZXJzL01pdHRhbDIwMjAucGRmTxEBWgAAAAABWgACAAAMTWFjaW50b3NoIEhEAAAAAAAAAAAAAAAAAAAAAAAAAEJEAAH/////Dk1pdHRhbDIwMjAucGRmAAAAAAAAAAAAAAAAAAAAAAAAAAAAAAAAAAAAAAAAAAAAAAAAAAAAAAAAAAAAAAAAAP////8AAAAAAAAAAAAAAAAABQACAAAKIGN1AAAAAAAAAAAAAAAAAAZQYXBlcnMAAgAxLzpVc2VyczphbnRrbzpTeW5vbG9neURyaXZlOlBhcGVyczpNaXR0YWwyMDIwLnBkZgAADgAeAA4ATQBpAHQAdABhAGwAMgAwADIAMAAuAHAAZABmAA8AGgAMAE0AYQBjAGkAbgB0AG8AcwBoACAASABEABIAL1VzZXJzL2FudGtvL1N5bm9sb2d5RHJpdmUvUGFwZXJzL01pdHRhbDIwMjAucGRmAAATAAEvAAAVAAIADP//AAAACAANABoAJABLAAAAAAAAAgEAAAAAAAAABQAAAAAAAAAAAAAAAAAAAak=},
	Bdsk-Url-1 = {https://doi.org/10.1017%2Fjfm.2020.330},
	Bdsk-Url-2 = {https://doi.org/10.1017/jfm.2020.330}}

@book{Oswald2014,
	author = {Patrick Oswald},
	date-added = {2021-09-26 17:33:42 +0200},
	date-modified = {2021-09-26 17:34:15 +0200},
	publisher = {Cambridge University Press},
	title = {Rheophysics},
	year = {2014},
	Bdsk-File-1 = {YnBsaXN0MDDSAQIDBFxyZWxhdGl2ZVBhdGhZYWxpYXNEYXRhXxAkLi4vLi4vLi4vLi4vLi4vUGFwZXJzL09zd2FsZDIwMTQucGRmTxEBWgAAAAABWgACAAAMTWFjaW50b3NoIEhEAAAAAAAAAAAAAAAAAAAAAAAAAEJEAAH/////Dk9zd2FsZDIwMTQucGRmAAAAAAAAAAAAAAAAAAAAAAAAAAAAAAAAAAAAAAAAAAAAAAAAAAAAAAAAAAAAAAAAAP////8AAAAAAAAAAAAAAAAABQACAAAKIGN1AAAAAAAAAAAAAAAAAAZQYXBlcnMAAgAxLzpVc2VyczphbnRrbzpTeW5vbG9neURyaXZlOlBhcGVyczpPc3dhbGQyMDE0LnBkZgAADgAeAA4ATwBzAHcAYQBsAGQAMgAwADEANAAuAHAAZABmAA8AGgAMAE0AYQBjAGkAbgB0AG8AcwBoACAASABEABIAL1VzZXJzL2FudGtvL1N5bm9sb2d5RHJpdmUvUGFwZXJzL09zd2FsZDIwMTQucGRmAAATAAEvAAAVAAIADP//AAAACAANABoAJABLAAAAAAAAAgEAAAAAAAAABQAAAAAAAAAAAAAAAAAAAak=}}

@book{Prandtl1957,
	author = {Prandtl, L. and Tietjens, O. K. G.},
	date-added = {2019-09-19 10:32:13 +0200},
	date-modified = {2021-09-05 10:09:50 +0200},
	publisher = {Dover publications},
	title = {Applied hydro-and aeromechanics},
	year = {1957}}

@book{Rowlinson2005,
	author = {Rowlinson, J. S.},
	date-added = {2020-10-06 16:04:16 +0200},
	date-modified = {2021-09-12 18:52:58 +0200},
	publisher = {Cambridge University Press},
	title = {Cohesion: a scientific history of intermolecular forces},
	year = {2005},
	Bdsk-File-1 = {YnBsaXN0MDDSAQIDBFxyZWxhdGl2ZVBhdGhZYWxpYXNEYXRhXxAnLi4vLi4vLi4vLi4vLi4vUGFwZXJzL1Jvd2xpbnNvbjIwMDUucGRmTxEBZAAAAAABZAACAAAMTWFjaW50b3NoIEhEAAAAAAAAAAAAAAAAAAAAAAAAAEJEAAH/////EVJvd2xpbnNvbjIwMDUucGRmAAAAAAAAAAAAAAAAAAAAAAAAAAAAAAAAAAAAAAAAAAAAAAAAAAAAAAAAAAAAAP////8AAAAAAAAAAAAAAAAABQACAAAKIGN1AAAAAAAAAAAAAAAAAAZQYXBlcnMAAgA0LzpVc2VyczphbnRrbzpTeW5vbG9neURyaXZlOlBhcGVyczpSb3dsaW5zb24yMDA1LnBkZgAOACQAEQBSAG8AdwBsAGkAbgBzAG8AbgAyADAAMAA1AC4AcABkAGYADwAaAAwATQBhAGMAaQBuAHQAbwBzAGgAIABIAEQAEgAyVXNlcnMvYW50a28vU3lub2xvZ3lEcml2ZS9QYXBlcnMvUm93bGluc29uMjAwNS5wZGYAEwABLwAAFQACAAz//wAAAAgADQAaACQATgAAAAAAAAIBAAAAAAAAAAUAAAAAAAAAAAAAAAAAAAG2}}

@article{Soni2019,
	author = {Soni, V. and Bililign, E. S. and Magkiriadou, S. and Sacanna, S. and Bartolo, D. and Shelley, M. J. and Irvine, W. T. M.},
	date-added = {2019-09-12 09:10:17 +0200},
	date-modified = {2021-09-05 10:10:52 +0200},
	doi = {10.1038/s41567-019-0603-8},
	issn = {1745-2481},
	journal = {Nat. Phys.},
	month = {Sep},
	pages = {1188--1194},
	publisher = {Springer Science and Business Media LLC},
	title = {The odd free surface flows of a colloidal chiral fluid},
	url = {http://dx.doi.org/10.1038/s41567-019-0603-8},
	volume = {15},
	year = {2019},
	Bdsk-File-1 = {YnBsaXN0MDDSAQIDBFxyZWxhdGl2ZVBhdGhZYWxpYXNEYXRhXxAiLi4vLi4vLi4vLi4vLi4vUGFwZXJzL1NvbmkyMDE5LnBkZk8RAVIAAAAAAVIAAgAADE1hY2ludG9zaCBIRAAAAAAAAAAAAAAAAAAAAAAAAABCRAAB/////wxTb25pMjAxOS5wZGYAAAAAAAAAAAAAAAAAAAAAAAAAAAAAAAAAAAAAAAAAAAAAAAAAAAAAAAAAAAAAAAAAAAD/////AAAAAAAAAAAAAAAAAAUAAgAACiBjdQAAAAAAAAAAAAAAAAAGUGFwZXJzAAIALy86VXNlcnM6YW50a286U3lub2xvZ3lEcml2ZTpQYXBlcnM6U29uaTIwMTkucGRmAAAOABoADABTAG8AbgBpADIAMAAxADkALgBwAGQAZgAPABoADABNAGEAYwBpAG4AdABvAHMAaAAgAEgARAASAC1Vc2Vycy9hbnRrby9TeW5vbG9neURyaXZlL1BhcGVycy9Tb25pMjAxOS5wZGYAABMAAS8AABUAAgAM//8AAAAIAA0AGgAkAEkAAAAAAAACAQAAAAAAAAAFAAAAAAAAAAAAAAAAAAABnw==},
	Bdsk-File-2 = {YnBsaXN0MDDSAQIDBFxyZWxhdGl2ZVBhdGhZYWxpYXNEYXRhXxAiLi4vLi4vLi4vLi4vLi4vUGFwZXJzL1NvbmkyMDE5LmF2aU8RAVIAAAAAAVIAAgAADE1hY2ludG9zaCBIRAAAAAAAAAAAAAAAAAAAAAAAAABCRAAB/////wxTb25pMjAxOS5hdmkAAAAAAAAAAAAAAAAAAAAAAAAAAAAAAAAAAAAAAAAAAAAAAAAAAAAAAAAAAAAAAAAAAAD/////AAAAAAAAAAAAAAAAAAUAAgAACiBjdQAAAAAAAAAAAAAAAAAGUGFwZXJzAAIALy86VXNlcnM6YW50a286U3lub2xvZ3lEcml2ZTpQYXBlcnM6U29uaTIwMTkuYXZpAAAOABoADABTAG8AbgBpADIAMAAxADkALgBhAHYAaQAPABoADABNAGEAYwBpAG4AdABvAHMAaAAgAEgARAASAC1Vc2Vycy9hbnRrby9TeW5vbG9neURyaXZlL1BhcGVycy9Tb25pMjAxOS5hdmkAABMAAS8AABUAAgAM//8AAAAIAA0AGgAkAEkAAAAAAAACAQAAAAAAAAAFAAAAAAAAAAAAAAAAAAABnw==},
	Bdsk-Url-1 = {http://dx.doi.org/10.1038/s41567-019-0603-8}}

@article{Taylor1951,
	author = {G. I. Taylor},
	date-added = {2021-09-26 22:18:53 +0200},
	date-modified = {2021-09-26 22:19:33 +0200},
	doi = {10.1098/rspa.1951.0218},
	journal = {Proc. Roy. Soc. Lond. A},
	month = {nov},
	number = {1099},
	pages = {447--461},
	publisher = {The Royal Society},
	title = {Analysis of the swimming of microscopic organisms},
	url = {https://doi.org/10.1098%2Frspa.1951.0218},
	volume = {209},
	year = 1951,
	Bdsk-File-1 = {YnBsaXN0MDDSAQIDBFxyZWxhdGl2ZVBhdGhZYWxpYXNEYXRhXxAkLi4vLi4vLi4vLi4vLi4vUGFwZXJzL1RheWxvcjE5NTEucGRmTxEBWgAAAAABWgACAAAMTWFjaW50b3NoIEhEAAAAAAAAAAAAAAAAAAAAAAAAAEJEAAH/////DlRheWxvcjE5NTEucGRmAAAAAAAAAAAAAAAAAAAAAAAAAAAAAAAAAAAAAAAAAAAAAAAAAAAAAAAAAAAAAAAAAP////8AAAAAAAAAAAAAAAAABQACAAAKIGN1AAAAAAAAAAAAAAAAAAZQYXBlcnMAAgAxLzpVc2VyczphbnRrbzpTeW5vbG9neURyaXZlOlBhcGVyczpUYXlsb3IxOTUxLnBkZgAADgAeAA4AVABhAHkAbABvAHIAMQA5ADUAMQAuAHAAZABmAA8AGgAMAE0AYQBjAGkAbgB0AG8AcwBoACAASABEABIAL1VzZXJzL2FudGtvL1N5bm9sb2d5RHJpdmUvUGFwZXJzL1RheWxvcjE5NTEucGRmAAATAAEvAAAVAAIADP//AAAACAANABoAJABLAAAAAAAAAgEAAAAAAAAABQAAAAAAAAAAAAAAAAAAAak=},
	Bdsk-Url-1 = {https://doi.org/10.1098%2Frspa.1951.0218},
	Bdsk-Url-2 = {https://doi.org/10.1098/rspa.1951.0218}}

@book{Tryggvason2011,
	author = {Tryggvason, G. and Scardovelli, R. and Zaleski, S.},
	date-added = {2017-07-11 07:46:43 +0000},
	date-modified = {2021-09-12 15:12:54 +0200},
	publisher = {Cambridge University Press},
	title = {Direct numerical simulations of gas--liquid multiphase flows},
	year = {2011},
	Bdsk-File-1 = {YnBsaXN0MDDSAQIDBFxyZWxhdGl2ZVBhdGhZYWxpYXNEYXRhXxAoLi4vLi4vLi4vLi4vLi4vUGFwZXJzL1RyeWdndmFzb24yMDExLnBkZk8RAWoAAAAAAWoAAgAADE1hY2ludG9zaCBIRAAAAAAAAAAAAAAAAAAAAAAAAABCRAAB/////xJUcnlnZ3Zhc29uMjAxMS5wZGYAAAAAAAAAAAAAAAAAAAAAAAAAAAAAAAAAAAAAAAAAAAAAAAAAAAAAAAAAAAD/////AAAAAAAAAAAAAAAAAAUAAgAACiBjdQAAAAAAAAAAAAAAAAAGUGFwZXJzAAIANS86VXNlcnM6YW50a286U3lub2xvZ3lEcml2ZTpQYXBlcnM6VHJ5Z2d2YXNvbjIwMTEucGRmAAAOACYAEgBUAHIAeQBnAGcAdgBhAHMAbwBuADIAMAAxADEALgBwAGQAZgAPABoADABNAGEAYwBpAG4AdABvAHMAaAAgAEgARAASADNVc2Vycy9hbnRrby9TeW5vbG9neURyaXZlL1BhcGVycy9UcnlnZ3Zhc29uMjAxMS5wZGYAABMAAS8AABUAAgAM//8AAAAIAA0AGgAkAE8AAAAAAAACAQAAAAAAAAAFAAAAAAAAAAAAAAAAAAABvQ==}}

@article{Young1805,
	author = {Thomas Young},
	date-added = {2016-09-17 14:31:58 +0000},
	date-modified = {2021-09-12 18:52:40 +0200},
	issn = {02610523},
	journal = {Philos. Trans. R. Soc.},
	pages = {65-87},
	publisher = {The Royal Society},
	title = {An Essay on the Cohesion of Fluids},
	url = {http://www.jstor.org/stable/107159},
	volume = {95},
	year = {1805},
	Bdsk-File-1 = {YnBsaXN0MDDSAQIDBFxyZWxhdGl2ZVBhdGhZYWxpYXNEYXRhXxAjLi4vLi4vLi4vLi4vLi4vUGFwZXJzL1lvdW5nMTgwNS5wZGZPEQFUAAAAAAFUAAIAAAxNYWNpbnRvc2ggSEQAAAAAAAAAAAAAAAAAAAAAAAAAQkQAAf////8NWW91bmcxODA1LnBkZgAAAAAAAAAAAAAAAAAAAAAAAAAAAAAAAAAAAAAAAAAAAAAAAAAAAAAAAAAAAAAAAAAA/////wAAAAAAAAAAAAAAAAAFAAIAAAogY3UAAAAAAAAAAAAAAAAABlBhcGVycwACADAvOlVzZXJzOmFudGtvOlN5bm9sb2d5RHJpdmU6UGFwZXJzOllvdW5nMTgwNS5wZGYADgAcAA0AWQBvAHUAbgBnADEAOAAwADUALgBwAGQAZgAPABoADABNAGEAYwBpAG4AdABvAHMAaAAgAEgARAASAC5Vc2Vycy9hbnRrby9TeW5vbG9neURyaXZlL1BhcGVycy9Zb3VuZzE4MDUucGRmABMAAS8AABUAAgAM//8AAAAIAA0AGgAkAEoAAAAAAAACAQAAAAAAAAAFAAAAAAAAAAAAAAAAAAABog==},
	Bdsk-Url-1 = {http://www.jstor.org/stable/107159}}

@article{1953,
	date-added = {2021-09-26 22:02:19 +0200},
	date-modified = {2021-09-26 22:02:19 +0200},
	doi = {10.1098/rspa.1953.0048},
	journal = {Proceedings of the Royal Society of London. Series A. Mathematical and Physical Sciences},
	month = {mar},
	number = {1128},
	pages = {96--121},
	publisher = {The Royal Society},
	title = {The self-propulsion of microscopic organisms through liquids},
	url = {https://doi.org/10.1098%2Frspa.1953.0048},
	volume = {217},
	year = 1953,
	Bdsk-Url-1 = {https://doi.org/10.1098%2Frspa.1953.0048},
	Bdsk-Url-2 = {https://doi.org/10.1098/rspa.1953.0048}}

@comment{BibDesk Static Groups{
<?xml version="1.0" encoding="UTF-8"?>
<!DOCTYPE plist PUBLIC "-//Apple//DTD PLIST 1.0//EN" "http://www.apple.com/DTDs/PropertyList-1.0.dtd">
<plist version="1.0">
<array>
	<dict>
		<key>group name</key>
		<string>annexe_SGR</string>
		<key>keys</key>
		<string>Keim2006,Bird2010,Jeong1992,Hinze1955</string>
	</dict>
	<dict>
		<key>group name</key>
		<string>Article Gravity jets</string>
		<key>keys</key>
		<string>Eggers2008,Magnaudet2000,Guezennec2005,Obreschkow2011,Chen1999,Churazov2001,Birkhoff1948,Thoroddsen2007,Blanchard1967,Bergmann2006,Burton2008,Gordillo2007,Benjamin1966,Bolanos-Jimenez2008,Antkowiak2007,Bergmann2009,Longuet-Higgins1991,Zeff2000,Marten1996,Davies1950,Lundgren1991,Oguz1993,Keim2006,Gordillo2006,Shelby2005,Longuet-Higgins1983,Gekle2010,Bergmann2008,Whitham1974,Schmidt2009,Bonometti2006,Duchemin2002,Duclaux2007,Levy2011,Liger-Belair2009,Bartolo2006,Yang2003,Simpson1997,Lavrentiev1980,Gekle2009a,Eggers2007a,Clift1978,Burton2005,Worthington1908,Gordillo2008,Walters1963</string>
	</dict>
	<dict>
		<key>group name</key>
		<string>Article inertial jets</string>
		<key>keys</key>
		<string>Fermi1953,Fermi1951,Hazak1996,Sohn2003,Goncharov2002,Ott1972,Vukasinovic2007,Layzer1955,Sharp1984</string>
	</dict>
	<dict>
		<key>group name</key>
		<string>Article origami</string>
		<key>keys</key>
		<string>Leong2007,Weder2009,Chakrapani2004,Wu2006,ONeill2002,Py2007,Cohen2003,Mastrangelo1993,Lau2003,Vollrath1989,Heil1999,Pokroy2009,Rein1993,Guo2009,Soppimath2001,Bico2004,Richard2002,Gans2004,Neukirch2007,Wonder2001,Bergeron2000,Eisner2000,Haschke2006,Py2007a,Huang2007,Geim2003,Larmour2007,Zhang2000,Bergou2008,Syms2003,Davis2009,Raccurt2004,Pepper2008</string>
	</dict>
	<dict>
		<key>group name</key>
		<string>Biblio Floryan</string>
		<key>keys</key>
		<string>Nunes2012</string>
	</dict>
	<dict>
		<key>group name</key>
		<string>cortelezzi</string>
		<key>keys</key>
		<string>Cortelezzi1981,Prosperetti1976</string>
	</dict>
	<dict>
		<key>group name</key>
		<string>Cours Atomisation</string>
		<key>keys</key>
		<string>Blanchard1967,Crapper1973,Weber1931,Eggers1994,Barenblatt2003,Erneux1993,Batchelor1967,Villermaux2007,Trouton1906</string>
	</dict>
	<dict>
		<key>group name</key>
		<string>Elastic Meniscus</string>
		<key>keys</key>
		<string>Armstrong2002,Keller1991,Poivet2003,Nicolson1949,Laplace1805,Vella2005,Lewandowski2008,Besson2007,Huang2007,Srinivasan2001,Antkowiak2011,King2012,Reis2010,Keller1998</string>
	</dict>
	<dict>
		<key>group name</key>
		<string>Elastocapillary Snapping</string>
		<key>keys</key>
		<string>Lidmar2003,Holmes2007,Holmes2011,Vincent2011,Zhang2007,Patricio1998,Sun2005,Edwards2005,Mabrouk2009,Audoly2010,Forterre2005,Antman1979,Pippard1990,Brodland1987,Abkarian2011,Timoshenko1935,Noblin2012,Plaut2009,Skotheim2005,Hutchinson1970,Thompson1983</string>
	</dict>
	<dict>
		<key>group name</key>
		<string>ERC</string>
		<key>keys</key>
		<string>Ball2011,Chen2004,Py2007a,Whitesides2002,Pirk2004,Bartolo2006,Thoroddsen2002,Vollrath1989,Vella2005,Audoly2012,Thoroddsen2008,Antkowiak2007,Meier1992,Keller1960,Spiel1998,Burton2005,Mora2010,de-Gennes2003,Gans2004,Eggers2008,Woodcock1953a,Raccurt2004,Dumais2012,Heil2008,Zeff2000,Lazarus2012,Xu2005,Poirier1992,Villermaux2007,Twomey1955,Roman2010,Pocivavsek2008,Villermaux2009,Shao2002,Bertoldi2010,Debregeas1998,Brun2012,Forterre2005,Mastin2007,Dombrowski1954,Worthington1876,Antkowiak2011,Auer1972,Shi2010a,Antkowiak2004,Lavrentiev1980,Popinet2003,Bergeron2000,Duchemin2002,Bico2004,Eggers1994,Bigoni2012,Vollrath2001,Rein1993,Blanchard1967,Syms2003,Couder2012,Lighthill1978,Liger-Belair2012,Mason2001,Danielsen1972,Shimozuru1994,Bird2010,Aitken1881,Eggers1997,Day1964,Seon2012,Marmottant2004</string>
	</dict>
	<dict>
		<key>group name</key>
		<string>ERC_CoG</string>
		<key>keys</key>
		<string>Tee2012,Agnarsson2009,Kim2009,Haines2014,Rogers2010,Kim2011a,Elettro2016,Vosgueritchian2013,Liu2016,Sun2012,Krieger2012,Lazarus2015,Hu2015,Vogel1995,Wong2011,Dunlop2010,Reis2011,Lu2006,Wegst2015,Elettro2015a,Foelix2010,Cranford2012,Antkowiak2011,Omenetto2010,Duprat2012,Kistler1997,Shang2003</string>
	</dict>
	<dict>
		<key>group name</key>
		<string>EuroBios</string>
		<key>keys</key>
		<string>Barnes1989,Prosperetti2007,Beggs1973,Lockhart1949,Chisholm1967,Ardron1980,Crowe1996,Tadros1994,Mishima1996,Otsubo1994,Liu1996,Drew1998,Hagedorn1965,Mandhane1974,Crowe2010,Jones1985,Dukler1964a,Brill1987,Khan1996,Kelessidis2006,Doron1987,Falcone2009,Prosperetti1987,Baxendell1961,Palierne1990,Dukler1964,Princen1985,Fabre1992,Spedding1993,Orkiszewski1967,Mader2013,Karnis1966,Nikuradse1950,Badie2000,Taitel1976,Davies1950,Baker1953,Griffith1961,Chisholm1969,Taylor1932,Froishteter1980,Brill1999,Eyring1936,Moody1944,Princen1983,Hughmark1961,Vlachos1999,Moraczewski2007,Bretherton1961,Princen1989,Barnea1987,Brenner1974</string>
	</dict>
	<dict>
		<key>group name</key>
		<string>Focus on Fluids</string>
		<key>keys</key>
		<string>Kiger2012,Birkhoff1948,Lorenceau2004a,Speirs2018,Chanson2003,Rodriguez1988,Villermaux2007,Lee2021,Bouwhuis2016,Bussonniere2020,Helie1884,Kondo2019,Schlossel1997,Tagawa2013,Mitragotri2006,Bick2010,Philippi2016</string>
	</dict>
	<dict>
		<key>group name</key>
		<string>HDR</string>
		<key>keys</key>
		<string>Poulter1957,Yafetto2008,Lavrentiev1980,Wijshoff2010,van-der-Bos2014,Eggers2008,Shaw1994,Ghabache2014a,Ghabache2014,Popinet2000a,Popinet2000,Brujan2001,Antkowiak2007,Knight1936,Frankel1985,Peregrine2003,Bagnold1939,Josserand2016,Dear1988,Bowden1965,Antkowiak2007c,Cooker1995,Batchelor1967,Seon2012,Tagawa2012,Maxworthy1960,Milgram1969,Birkhoff1948,Munroe1888,Philippi2016,Neukirch2013,Blanchard1967,Stuhlman1932,Kozirev1968,Melosh1989,Bosi2015,Lorenceau2002,Copeland1982,Bergmann2008,Lundgren1991,Birkhoff1957,Foulk1932,Sommerfeld1952,Lamb1932,Boussinesq1877,Joseph2006,Plesset1977,Stokes1851,Walters1963,Davies1950,Bonometti2006,Worthington1908,Gekle2010,Fontelos2011,Kientzler1954,Woodcock1953,Keller1983,Duchemin2002,Zeff2000,Rivetti2013b,Fargette2014,Roman2010,Audoly2010,Dupre1869,Py2007a,Style2013,Marchand2011,Marchand2012,Guo2013,Boys1890,de-Gennes2003,Adamson1997,Neukirch2014,Seveno2013,Landau1959,Laplace1805,Hertz1884,Foppl1897,Lake1967,Reis2010,Antkowiak2011,Langer1998,Timoshenko1935,Holmes2007,Forterre2005,Lapp2008,Abkarian2011,Vincent2011,Sun2005,Thompson1982,de-Gennes1996,Gay1999,Gracias2002,Syms2003,Richard2002,Eggers2010a,Rein1993,Stow1977,Stow1981,Villermaux2011,Engel1955,Rioboo2002,Riboux2014,Popinet2003,Popinet2009,Wagner1932,Nethercote1986,Cointe1989,Howison1991,Howison2005,Oliver2002,Van-Dyke1975,Darrozes1982,Sneddon1960,Sneddon1951,Schmieden1953,book:13433,Mirels1955,Schlichting1968,Xu2005,Vollrath1989,Vollrath1992a,Foelix2010,Blackledge2009,Elettro2015,Omenetto2010,Denny1976,Work1977,Becker2003a,Maxwell1876,Neukirch2007,Bico2004,Elettro2015a,Lazarus2012,Quere1999,Adam1937,Carroll1989,Duprat2012,Huang2007,Gibson1997,Bertoldi2010,Elettro2016,Maxwell1875,Bazant2010,Ashby2003,Gordon1978,Bisighini2010,DiPersio1960,Layzer1955,Eggers2009</string>
	</dict>
	<dict>
		<key>group name</key>
		<string>INSIS Bioinspiration</string>
		<key>keys</key>
		<string>Frenkel2017,Mlot2011,Protiere2017,Jambon_Puillet_2017,Abkarian_2013,Deblais_2018,Keller1998</string>
	</dict>
	<dict>
		<key>group name</key>
		<string>Membrane</string>
		<key>keys</key>
		<string>Vandeparre2011,Erickson1976,Dai1995,Raucher1999,Majstoravich2004,Groulx2006,Lam2009,Guillou2016,Rogers2010,Liu2016,Minev2015,Shepherd2011,Lazarus2015,Ahn2009,Rafsanjani2017,Sun2012,Forterre2005,Elettro2016,Salbreux2012,Davidovitch2011,Cerda2003,Tallinen2016,Hu2012,Morris2001,Lecuit2007,Turlier2014,Sheetz2001,Dai1998,Gauthier2012,Diz-Munoz2013,Dai_1999,Sinha2011,Thoumine1997,Tinevez2009,Clark2014</string>
	</dict>
	<dict>
		<key>group name</key>
		<string>physics of fluids lecture</string>
		<key>keys</key>
		<string>Batchelor1967,Mittal2020,Lighthill1986,Prandtl1957,Soni2019,Bennett2006,Chandrasekhar1957,Bird2002,Maxwell1879,Goldstein1950,Boys1890,Elettro2016,de-Gennes2015,Rowlinson2005,Laplace1805,Young1805,Tryggvason2011,Berry1971,Marchand2011,Lauga2016,Henot2018,Lauga2020,Aitken1873,Abouraddy2007,Elgeti2015,Guazzelli2011,Oswald2014,1953,Hancock1953,Lighthill1975,Taylor1951,Duprat2016</string>
	</dict>
	<dict>
		<key>group name</key>
		<string>rapport hervé</string>
		<key>keys</key>
		<string>Juel2007,Roman2010,Neukirch2007,Carroll1984,Carroll1989,Vollrath1989,Mastrangelo1993,Carroll1976,Chakrapani2004</string>
	</dict>
	<dict>
		<key>group name</key>
		<string>Salunda</string>
		<key>keys</key>
		<string>Thoroddsen2008,Wunenburger2006,Wunenburger2006a,Villermaux2007,Marmottant2004,de-Gennes2003,Lighthill1978,Joseph2004,Lamb1932,Blanchard1967,Stuhlman1932,Ghabache2014a,Thoroddsen2005,Ghabache2016,Reyssat2008,Eggers2008,Villermaux2013,Lhuissier2012,LeCun2015</string>
	</dict>
	<dict>
		<key>group name</key>
		<string>serial bubbling</string>
		<key>keys</key>
		<string>Garstecki2005,van_der_Pol_1926,Van-der-Pol1927,Rocard1943,Weill1980,Grasman2012,FitzHugh1961,Keller1953,Poujol2021</string>
	</dict>
	<dict>
		<key>group name</key>
		<string>SN091204</string>
		<key>keys</key>
		<string>Keller1983</string>
	</dict>
	<dict>
		<key>group name</key>
		<string>Sujet thèse projections</string>
		<key>keys</key>
		<string>Zeff2000,Bartolo2006,Shelby2005,Worthington1908,Blanchard1967,Eggers2008,Birkhoff1948,Antkowiak2007,Villermaux2009,Spiel1998,Walters1963,Duchemin2002,Gans2004,Rein1993,Antkowiak2011,Lavrentiev1980,Josserand2003,Xu2005,Simpson1997,Popinet2000a</string>
	</dict>
	<dict>
		<key>group name</key>
		<string>these SVI</string>
		<key>keys</key>
		<string>Scriven1960,Thomson1855,Cira2015,Ludwig2007,Vrij1966,Ruckenstein1974,Mysels1959,Craster2009,Kistler1997,Kim2016,Frye1989,Hosoi2001,Kumar2015,Eres1999,Weinstein2004,Oron1997,Govor2005,Kheshgi1991,Kondepudi2014</string>
	</dict>
</array>
</plist>
}}

@comment{BibDesk Smart Groups{
<?xml version="1.0" encoding="UTF-8"?>
<!DOCTYPE plist PUBLIC "-//Apple//DTD PLIST 1.0//EN" "http://www.apple.com/DTDs/PropertyList-1.0.dtd">
<plist version="1.0">
<array>
	<dict>
		<key>conditions</key>
		<array>
			<dict>
				<key>comparison</key>
				<integer>2</integer>
				<key>key</key>
				<string></string>
				<key>value</key>
				<string></string>
				<key>version</key>
				<string>1</string>
			</dict>
		</array>
		<key>conjunction</key>
		<integer>0</integer>
		<key>group name</key>
		<string>Last Import</string>
	</dict>
	<dict>
		<key>conditions</key>
		<array>
			<dict>
				<key>comparison</key>
				<integer>2</integer>
				<key>key</key>
				<string></string>
				<key>value</key>
				<string></string>
				<key>version</key>
				<string>1</string>
			</dict>
		</array>
		<key>conjunction</key>
		<integer>0</integer>
		<key>group name</key>
		<string>Last Import</string>
	</dict>
</array>
</plist>
}}
