
@book{Boys1890,
	Author = {Boys, Charles Vernon},
	Publisher = {Reprinted by Thomas Y. Crowell Company (1962)},
	Title = {Soap-bubbles and the forces which mould them. Being a course of three lectures delivered in the theatre of the London institution on the afternoons of Dec. 30, 1889, Jan. 1 and 3, 1890, before a juvenile audience},
	Year = {1890}}

@article{Eggers2007,
	Author = {Eggers, Jens},
	Journal = {Nat Phys},
	Number = {3},
	Pages = {145--146},
	Title = {Fluid dynamics: Coupling the large and the small},
	Volume = {3},
	Year = {2007}}

@book{Eggers2015,
	Author = {Eggers, Jens and Fontelos, Marco Antonio},
	Publisher = {Cambridge University Press},
	Title = {Singularities: formation, structure, and propagation},
	Year = {2015}}

	@article{Elettro2016,
		Author = {Elettro, Herv{\'e} and Neukirch, S{\'e}bastien and Vollrath, Fritz and Antkowiak, Arnaud},
		Doi = {10.1073/pnas.1602451113},
		Journal = {Proc. Natl Acad. Sci. U.S.A.},
		Number = {22},
		Pages = {6143-6147},
		Title = {In-drop capillary spooling of spider capture thread inspires hybrid fibers with mixed solid--liquid mechanical properties},
		Volume = {113},
		Year = {2016}}

	@article{Richardson1926,
		Author = {Lewis Fry Richardson},
		Doi = {10.1098/rspa.1926.0043},
		Journal = {Proceedings of the Royal Society of London. Series A, Containing Papers of a Mathematical and Physical Character},
		Month = {apr},
		Number = {756},
		Pages = {709--737},
		Title = {Atmospheric diffusion shown on a distance-neighbour graph},
		Volume = {110},
		Year = 1926}

		@book{Ockendon1995,
			Author = {Ockendon, Hilary and Ockendon, John R},
			Publisher = {Cambridge University Press},
			Title = {Viscous flow},
			Year = {1995}}

@book{Batchelor1967,
Author = {G.~K. Batchelor},
Publisher = {Cambridge University Press},
Title = {An introduction to fluid dynamics},
Year = {1967}}

@article{Soni2019,
	Author = {Soni, Vishal and Bililign, Ephraim S. and Magkiriadou, Sofia and Sacanna, Stefano and Bartolo, Denis and Shelley, Michael J. and Irvine, William T. M.},
	Doi = {10.1038/s41567-019-0603-8},
	Journal = {Nature Physics},
	Month = {Sep},
	Pages = {1188--1194},
	Title = {The odd free surface flows of a colloidal chiral fluid},
	Volume = {15},
	Year = {2019}}

@article{Lighthill1986,
Author = {Lighthill, James},
Journal = {The Institute of Mathematics \& its Applications Monograph Series, Oxford: Clarendon Press, 1986},
Title = {An informal introduction to theoretical fluid mechanics},
Year = {1986}}

@article{Mittal2020,
	Author = {Rajat Mittal and Rui Ni and Jung-Hee Seo},
	Doi = {10.1017/jfm.2020.330},
	Journal = {J. Fluid Mech.},
	Month = {may},
	Title = {The flow physics of {COVID}-19},
	Volume = {894},
	Year = 2020}

@book{Prandtl1957,
Author = {Prandtl, Ludwig and Tietjens, Oskar Kark Gustav},
Publisher = {Dover publications},
Title = {Applied hydro-and aeromechanics},
Year = {1957}}

@book{Hinch1991,
Author = {Hinch, E.J.},
Publisher = {Cambridge University Press},
Title = {Perturbation Methods},
Year = {1991}}


@article{Huppert1982,
	author = {Huppert, Herbert E.},
	doi = {10.1017/s0022112082001797},
	journal = {J. Fluid Mech.},
	month = {Aug},
	pages = {43},
	title = {The propagation of two-dimensional and axisymmetric viscous gravity currents over a rigid horizontal surface},
	volume = {121},
	year = {1982}}

@article{Huppert1982a,
	author = {Herbert E. Huppert and John B. Shepherd and R. Haraldur Sigurdsson and Stephen J. Sparks},
	doi = {10.1016/0377-0273(82)90062-2},
	journal = {Journal of Volcanology and Geothermal Research},
	month = {dec},
	number = {3-4},
	pages = {199--222},
	title = {On lava dome growth, with application to the 1979 lava extrusion of the soufri{\`{e}}re of St. Vincent},
	volume = {14},
	year = 1982}
